@article{Accenture,
author = {Accenture},
journal = {},
title = {Blockchain-Enabled Distributed Ledgers: Are Investment Banks Ready?},
year = {2016},
note ={https://www.accenture.com/t20160203T200922Z\_\_w\_\_/cn-en/\_acnmedia/PDF-6/Accenture-Blockchain-Enabled-Distributed-Ledgers.pdfla=en\#zoom=50}


@article{Worldeconomyforum,
author = {Don Tapscott and Alex Tapscott},
journal = {World Economy Forum},
title = {Realizing the Potential of Blockchain},
year = {2017},
note ={http://www3.weforum.org/docs/WEF\_Realizing\_Potential\_Blockchain.pdf}
}


@article{coase1937nature,
  title={The nature of firm},
  author={R. H. Coase},
  journal={Economica},
  volume={4(16)},
  pages={386--405},
  year={1937},
  publisher={Wiley Online Library}
}


@article{Satoshi2008,
author = {Satoshi Nakamoto},
title = {Bitcoin: A Peer-to-Peer Electronic Cash System},
year = {2008},
note ={https://github.com/ethereum/wiki/wiki/White-Paper},
}


@inproceedings{feldman1987,
  title={A practical scheme for non-interactive verifiable secret sharing},
  author={Feldman, Paul},
  booktitle={Foundations of Computer Science, 1987., 28th Annual Symposium on},
  pages={427--438},
  year={1987},
  organization={IEEE}
}

@article{Wang2007,
	author = {X.Y. Wang and M.X. He},
	title = {Research Distributed Key Generation Protocols and Application on Elliptic Curve Cryptography},
	journal = {Computer Engineering},
	volume = {36(9)},
	year = {2007},
}

@article{Zhajun2010,
	author = {Jun Zha and Jinhai Shu and XF Yan and SG Yan},
	title = {Adaptive Distributed Key Generation Scheme},
	journal = {Computer Engineering},
	volume = {36(9)},
	pages = {161--163},
	year = {2010},

}

@book{Pedersen1991,
author = {T. Pedersen}, 
title = {A Threshold Cryptosystem Without a Trusted Party},
journal = {Proc. of EUROCRYPT},
year = {1991},
publisher = {Berlin, Germany: Springer-Verlag},
volume = {547(1)},
pages = {522--526},
}

@book{Gennaro1999,
author = {R. Gennaro and S. Jarecki and H. Krawczyk and T. Rabin},
title = {Secure Distributed Key Generation for Discrete-log Based Cryptosystem},
journal = {Proc. of EUROCRYPT},
year = {1999},
volume = {20(1)},
pages = {51--83},
publisher = {Berlin, Germany: Springer-Verlag},
}

@article{EthWP,
	author = {Ethereum/wiki},
	title = {A Next-Generation Smart Contract and Decentralized Application Platform},
	journal = {https://github.com/ethereum/wiki/wiki/White-Paper},
	year = {2013},
}

@article{Shamir1979,
author = {A. Shamir},
title = {How to share a secret},
journal = {Communications of the ACM}, 
volume = {22(11)},
pages = {612--613},
year = {1979},
}

@article{Jing2017,
author = {Jing Chen and Silvio Micali},
title = {Algorand},
year = {2017},
note = {https://arxiv.org/pdf/1607.01341.pdf},
}



















